@misc{ KotlinLang:TrailingLambdas,
   author = "Kotlin-Foundation",
   title = "High-order functions and lambdas",
   year = "2022",
   url = "\url{https://kotlinlang.org/docs/lambdas.html}",
   note = "[Online; Stand 7. August 2022]"
}


@misc{ KotlinLang:Playground,
   author = "Kotlin-Foundation",
   title = "Channels",
   year = "2022",
   url = "\url{https://play.kotlinlang.org/hands-on/Introductionto CoroutineandChannels/08_Channels}",
   note = "[Online; Stand 5. August 2022]"
}


@misc{ HiveMQ:MQTT-Essentials,
   author = "The-HiveMQ-Team",
   title = "MQTT Topics, Wildcards, \& Best Practices - MQTT Essentials: Part 5",
   year = "2019",
   url = "\url{https://www.hivemq.com/blog/mqtt-essentials-part-5-mqtt-topics-best-practices/}",
   note = "[Online; Stand 5. August 2022]"
}